<record><leader>00000cas a2200000 a 4500</leader><controlfield tag="001">18827630</controlfield><controlfield tag="008">881201d194u194udcuuu p a     0   a0eng c</controlfield><datafield ind1=" " ind2=" " tag="010"><subfield code="a">sn2007058105</subfield></datafield><datafield ind1=" " ind2=" " tag="040"><subfield code="a">CFI</subfield><subfield code="b">eng</subfield><subfield code="c">CFI</subfield><subfield code="d">OCL</subfield><subfield code="d">OCLCQ</subfield><subfield code="d">DLC</subfield><subfield code="d">OCLCQ</subfield><subfield code="d">DLC</subfield><subfield code="d">OCLCQ</subfield></datafield><datafield ind1=" " ind2=" " tag="042"><subfield code="a">pcc</subfield></datafield><datafield ind1=" " ind2=" " tag="043"><subfield code="a">n-us-ut</subfield></datafield><datafield ind1="0" ind2="0" tag="050"><subfield code="a">Newspaper</subfield></datafield><datafield ind1=" " ind2="4" tag="050"><subfield code="a">D769.8.A6</subfield><subfield code="b">J3 reel 20</subfield></datafield><datafield ind1="0" ind2=" " tag="130"><subfield code="a">All aboard (Topaz, Utah)</subfield></datafield><datafield ind1="1" ind2="0" tag="245"><subfield code="a">All aboard</subfield><subfield code="h">[microform].</subfield></datafield><datafield ind1=" " ind2=" " tag="260"><subfield code="a">Topaz, Utah :</subfield><subfield code="b">Central Utah Project</subfield></datafield><datafield ind1=" " ind2=" " tag="300"><subfield code="a">v. :</subfield><subfield code="b">ill. ;</subfield><subfield code="c">28 cm.</subfield></datafield><datafield ind1="0" ind2=" " tag="490"><subfield code="a">Japanese camp papers</subfield></datafield><datafield ind1=" " ind2=" " tag="588"><subfield code="a">Description based on: Spring 1944.</subfield></datafield><datafield ind1=" " ind2=" " tag="533"><subfield code="a">Microfilm.</subfield><subfield code="b">Washington, D.C.</subfield><subfield code="c">Library of Congress, Photoduplication Service.</subfield><subfield code="e">microfilm reels ; 35 mm.</subfield></datafield><datafield ind1="2" ind2="0" tag="610"><subfield code="a">Central Utah Relocation Center.</subfield></datafield><datafield ind1=" " ind2="0" tag="650"><subfield code="a">Japanese Americans</subfield><subfield code="z">United States</subfield><subfield code="x">Evacuation and relocation, 1942-1945</subfield><subfield code="v">Periodicals.</subfield></datafield><datafield ind1=" " ind2="0" tag="651"><subfield code="a">Topaz (Utah)</subfield><subfield code="v">Periodicals.</subfield></datafield><datafield ind1="2" ind2=" " tag="710"><subfield code="a">Central Utah Relocation Center.</subfield></datafield><datafield ind1=" " ind2=" " tag="752"><subfield code="a">United States</subfield><subfield code="b">Utah</subfield><subfield code="d">Topaz.</subfield></datafield><datafield ind1=" " ind2="0" tag="830"><subfield code="a">Japanese camp papers.</subfield></datafield><datafield ind1="1" ind2=" " tag="029"><subfield code="a">AU@</subfield><subfield code="b">000041886081</subfield></datafield></record>